{
  "leader": "05812cam a2200649Ia 4500",
  "fields": [
    {
      "001": "ocm49493416\\"
    },
    {
      "003": "OCoLC"
    },
    {
      "005": "20220707113247.0"
    },
    {
      "008": "020322s2003\\\\\\\\enka\\\\\\\\\\b\\\\\\\\001\\0\\eng\\\\"
    },
    {
      "010": {
        "ind1": "\\",
        "ind2": "\\",
        "subfields": [
          {
            "a": "  2002025655"
          }
        ]
      }
    },
    {
      "040": {
        "ind1": "\\",
        "ind2": "\\",
        "subfields": [
          {
            "a": "DLC"
          },
          {
            "b": "eng"
          },
          {
            "c": "DLC"
          },
          {
            "d": "PMC"
          },
          {
            "d": "UKM"
          },
          {
            "d": "BAKER"
          },
          {
            "d": "NLGGC"
          },
          {
            "d": "BTCTA"
          },
          {
            "d": "LVB"
          },
          {
            "d": "YDXCP"
          },
          {
            "d": "OCLCG"
          },
          {
            "d": "IG#"
          },
          {
            "d": "HEBIS"
          },
          {
            "d": "OCLCQ"
          },
          {
            "d": "DEBBG"
          },
          {
            "d": "BDX"
          },
          {
            "d": "OCLCF"
          },
          {
            "d": "EIP"
          },
          {
            "d": "OCLCQ"
          },
          {
            "d": "C#P"
          },
          {
            "d": "UBA"
          },
          {
            "d": "SAB"
          },
          {
            "d": "OCLCQ"
          },
          {
            "d": "UEJ"
          },
          {
            "d": "OCLCQ"
          },
          {
            "d": "OCLCO"
          },
          {
            "d": "OCLCA"
          },
          {
            "d": "OCLCQ"
          },
          {
            "d": "OCLCA"
          },
          {
            "d": "JABUK"
          },
          {
            "d": "VVB"
          },
          {
            "d": "ZGM"
          },
          {
            "d": "OCLCO"
          }
        ]
      }
    },
    {
      "015": {
        "ind1": "\\",
        "ind2": "\\",
        "subfields": [
          {
            "a": "GBA314753"
          },
          {
            "2": "bnb"
          }
        ]
      }
    },
    {
      "015": {
        "ind1": "\\",
        "ind2": "\\",
        "subfields": [
          {
            "a": "GBA4X7796"
          },
          {
            "2": "bnb"
          }
        ]
      }
    },
    {
      "015": {
        "ind1": "\\",
        "ind2": "\\",
        "subfields": [
          {
            "a": "BA314753"
          }
        ]
      }
    },
    {
      "016": {
        "ind1": "7",
        "ind2": "\\",
        "subfields": [
          {
            "a": "BA60920532"
          },
          {
            "2": "JP-ToKJK"
          }
        ]
      }
    },
    {
      "019": {
        "ind1": "\\",
        "ind2": "\\",
        "subfields": [
          {
            "a": "51668889"
          },
          {
            "a": "56437339"
          },
          {
            "a": "1022675107"
          },
          {
            "a": "1183291905"
          },
          {
            "a": "1201006140"
          },
          {
            "a": "1201856289"
          },
          {
            "a": "1201991908"
          }
        ]
      }
    },
    {
      "020": {
        "ind1": "\\",
        "ind2": "\\",
        "subfields": [
          {
            "a": "052181989X"
          }
        ]
      }
    },
    {
      "020": {
        "ind1": "\\",
        "ind2": "\\",
        "subfields": [
          {
            "a": "9780521819893"
          }
        ]
      }
    },
    {
      "020": {
        "ind1": "\\",
        "ind2": "\\",
        "subfields": [
          {
            "a": "0521603536"
          },
          {
            "q": "(pbk.)"
          }
        ]
      }
    },
    {
      "020": {
        "ind1": "\\",
        "ind2": "\\",
        "subfields": [
          {
            "a": "9780521603539"
          },
          {
            "q": "(pbk.)"
          }
        ]
      }
    },
    {
      "035": {
        "ind1": "\\",
        "ind2": "\\",
        "subfields": [
          {
            "a": "(OCoLC)49493416"
          },
          {
            "z": "(OCoLC)51668889"
          },
          {
            "z": "(OCoLC)56437339"
          },
          {
            "z": "(OCoLC)1022675107"
          },
          {
            "z": "(OCoLC)1183291905"
          },
          {
            "z": "(OCoLC)1201006140"
          },
          {
            "z": "(OCoLC)1201856289"
          },
          {
            "z": "(OCoLC)1201991908"
          }
        ]
      }
    },
    {
      "042": {
        "ind1": "\\",
        "ind2": "\\",
        "subfields": [
          {
            "a": "pcc"
          }
        ]
      }
    },
    {
      "043": {
        "ind1": "\\",
        "ind2": "\\",
        "subfields": [
          {
            "a": "n-us---"
          }
        ]
      }
    },
    {
      "050": {
        "ind1": "0",
        "ind2": "0",
        "subfields": [
          {
            "a": "HV91"
          },
          {
            "b": ".C4545 2003"
          }
        ]
      }
    },
    {
      "082": {
        "ind1": "0",
        "ind2": "0",
        "subfields": [
          {
            "a": "361.7632"
          },
          {
            "b": "CHA"
          }
        ]
      }
    },
    {
      "245": {
        "ind1": "0",
        "ind2": "0",
        "subfields": [
          {
            "a": "Charity, philanthropy, and civility in American history /"
          },
          {
            "c": "edited by Lawrence J. Friedman, Mark D. McGarvie."
          }
        ]
      }
    },
    {
      "260": {
        "ind1": "\\",
        "ind2": "\\",
        "subfields": [
          {
            "a": "Cambridge, UK ;"
          },
          {
            "a": "New York :"
          },
          {
            "b": "Cambridge University Press,"
          },
          {
            "c": "2003."
          }
        ]
      }
    },
    {
      "300": {
        "ind1": "\\",
        "ind2": "\\",
        "subfields": [
          {
            "a": "xi, 467 pages :"
          },
          {
            "b": "illustrations ;"
          },
          {
            "c": "24 cm"
          }
        ]
      }
    },
    {
      "336": {
        "ind1": "\\",
        "ind2": "\\",
        "subfields": [
          {
            "a": "text"
          },
          {
            "b": "txt"
          },
          {
            "2": "rdacontent"
          }
        ]
      }
    },
    {
      "337": {
        "ind1": "\\",
        "ind2": "\\",
        "subfields": [
          {
            "a": "unmediated"
          },
          {
            "b": "n"
          },
          {
            "2": "rdamedia"
          }
        ]
      }
    },
    {
      "338": {
        "ind1": "\\",
        "ind2": "\\",
        "subfields": [
          {
            "a": "volume"
          },
          {
            "b": "nc"
          },
          {
            "2": "rdacarrier"
          }
        ]
      }
    },
    {
      "504": {
        "ind1": "\\",
        "ind2": "\\",
        "subfields": [
          {
            "a": "Includes bibliographical references (pages 413-449) and index."
          }
        ]
      }
    },
    {
      "505": {
        "ind1": "0",
        "ind2": "\\",
        "subfields": [
          {
            "a": "Philanthropy in America : historicism and its discontents / Lawrence J. Friedman -- Giving in America : from charity to philanthropy / Robert A. Gross -- Protestant missionaries : pioneers of American philanthropy / Amanda Porterfield -- The origins of Anglo-American sensibility / G.J. Barker-Benfield -- The Dartmouth College case and the legal design of civil society / Mark D. McGarvie -- Rethinking assimilation : American Indians and the practice of Christianity, 1800-1861 / Stephen Warren -- Antebellum reform : salvation, self-control, and social transformation / Wendy Gamber -- Law, reconstruction, and African American education in the post-emancipation South / Roy E. Finkenbine -- Women and political culture / Kathleen D. McCarthy -- From gift to foundation : the philanthropic lives of Mrs. Russell Sage / Ruth Crocker -- Curing evils at their source : the arrival of scientific giving / Judith Sealander -- Missions to the world : philanthropy abroad / Emily S. Rosenberg -- Failure and resilience : pushing the limits in Depression and wartime / David C. Hammack -- Faith and good works : Catholic giving and taking / Mary J. Oates -- In defense of diversity : Jewish thought from assimilation to cultural pluralism / Stephen J. Whitfield -- Waging the Cold War in the third world : the foundations and the challenges of development / Gary R. Hess -- Philanthropy, the Civil Rights movement, and the politics of racial reform / Claude A. Clegg III -- The welfare state and the careers of public and private institutions since 1945 / Peter D. Hall -- Epilogue : The European comparison / William B. Cohen."
          }
        ]
      }
    },
    {
      "520": {
        "ind1": "\\",
        "ind2": "\\",
        "subfields": [
          {
            "a": "The study of philanthropy has transcended the structure of traditional disciplines, often involving non-historians in historical analysis. This book presents professional historians addressing the dominant issues and theories offered to explain the history of American philanthropy and its role in American society. The essays develop and enlighten the major themes proposed by the book's editors, in some instances taking issue with each other in the process. The overarching premise is that philanthropic activity in America has its roots in the desires of individuals to impose their visions of societal ideals or conceptions of truth upon their society. To do so, they have organized in groups, frequently defining themselves and their group's role in society in the process."
          }
        ]
      }
    },
    {
      "650": {
        "ind1": "\\",
        "ind2": "0",
        "subfields": [
          {
            "a": "Charities"
          },
          {
            "z": "United States"
          },
          {
            "x": "History."
          }
        ]
      }
    },
    {
      "650": {
        "ind1": "\\",
        "ind2": "0",
        "subfields": [
          {
            "a": "Endowments"
          },
          {
            "z": "United States"
          },
          {
            "x": "History."
          }
        ]
      }
    },
    {
      "650": {
        "ind1": "\\",
        "ind2": "0",
        "subfields": [
          {
            "a": "Charity organization"
          },
          {
            "z": "United States"
          },
          {
            "x": "History."
          }
        ]
      }
    },
    {
      "650": {
        "ind1": "\\",
        "ind2": "0",
        "subfields": [
          {
            "a": "Social reformers"
          },
          {
            "z": "United States"
          },
          {
            "x": "History."
          }
        ]
      }
    },
    {
      "650": {
        "ind1": "\\",
        "ind2": "7",
        "subfields": [
          {
            "a": "Charities."
          },
          {
            "2": "fast"
          },
          {
            "0": "(OCoLC)fst00852404"
          }
        ]
      }
    },
    {
      "650": {
        "ind1": "\\",
        "ind2": "7",
        "subfields": [
          {
            "a": "Charity organization."
          },
          {
            "2": "fast"
          },
          {
            "0": "(OCoLC)fst00852467"
          }
        ]
      }
    },
    {
      "650": {
        "ind1": "\\",
        "ind2": "7",
        "subfields": [
          {
            "a": "Endowments."
          },
          {
            "2": "fast"
          },
          {
            "0": "(OCoLC)fst00909854"
          }
        ]
      }
    },
    {
      "650": {
        "ind1": "\\",
        "ind2": "7",
        "subfields": [
          {
            "a": "Social reformers."
          },
          {
            "2": "fast"
          },
          {
            "0": "(OCoLC)fst01122841"
          }
        ]
      }
    },
    {
      "651": {
        "ind1": "\\",
        "ind2": "7",
        "subfields": [
          {
            "a": "United States."
          },
          {
            "2": "fast"
          },
          {
            "0": "(OCoLC)fst01204155"
          }
        ]
      }
    },
    {
      "655": {
        "ind1": "\\",
        "ind2": "7",
        "subfields": [
          {
            "a": "History."
          },
          {
            "2": "fast"
          },
          {
            "0": "(OCoLC)fst01411628"
          }
        ]
      }
    },
    {
      "700": {
        "ind1": "1",
        "ind2": "\\",
        "subfields": [
          {
            "a": "Friedman, Lawrence Jacob,"
          },
          {
            "d": "1940-"
          }
        ]
      }
    },
    {
      "700": {
        "ind1": "1",
        "ind2": "\\",
        "subfields": [
          {
            "a": "McGarvie, Mark D."
          },
          {
            "q": "(Mark Douglas),"
          },
          {
            "d": "1956-"
          }
        ]
      }
    },
    {
      "856": {
        "ind1": "4",
        "ind2": "1",
        "subfields": [
          {
            "3": "Sample text"
          },
          {
            "u": "http://catdir.loc.gov/catdir/samples/cam033/2002025655.html"
          }
        ]
      }
    },
    {
      "856": {
        "ind1": "4",
        "ind2": "1",
        "subfields": [
          {
            "3": "Table of contents"
          },
          {
            "u": "http://catdir.loc.gov/catdir/toc/cam031/2002025655.html"
          }
        ]
      }
    },
    {
      "856": {
        "ind1": "4",
        "ind2": "1",
        "subfields": [
          {
            "3": "Table of contents"
          },
          {
            "u": "http://bvbr.bib-bvb.de:8991/F?func=service&doc_library=BVB01&doc_number=009875218&line_number=0001&func_code=DB_RECORDS&service_type=MEDIA"
          }
        ]
      }
    },
    {
      "856": {
        "ind1": "4",
        "ind2": "1",
        "subfields": [
          {
            "3": "Table of contents"
          },
          {
            "u": "http://bvbr.bib-bvb.de:8991/F?func=service&doc_library=BVB01&local_base=BVB01&doc_number=009875218&line_number=0001&func_code=DB_RECORDS&service_type=MEDIA"
          }
        ]
      }
    },
    {
      "856": {
        "ind1": "4",
        "ind2": "2",
        "subfields": [
          {
            "3": "Contributor biographical information"
          },
          {
            "u": "http://catdir.loc.gov/catdir/enhancements/fy0731/2002025655-b.html"
          }
        ]
      }
    },
    {
      "856": {
        "ind1": "4",
        "ind2": "2",
        "subfields": [
          {
            "3": "Publisher description"
          },
          {
            "u": "http://catdir.loc.gov/catdir/description/cam031/2002025655.html"
          }
        ]
      }
    },
    {
      "856": {
        "ind1": "4",
        "ind2": "\\",
        "subfields": [
          {
            "u": "http://bvbr.bib-bvb.de:8991/F?func=service&doc_library=BVB01&doc_number=009875218&line_number=0002&func_code=DB_RECORDS&service_type=MEDIA"
          },
          {
            "z": "Klappentext"
          }
        ]
      }
    },
    {
      "856": {
        "ind1": "4",
        "ind2": "\\",
        "subfields": [
          {
            "u": "http://bvbr.bib-bvb.de:8991/F?func=service&doc_library=BVB01&local_base=BVB01&doc_number=009875218&line_number=0002&func_code=DB_RECORDS&service_type=MEDIA"
          },
          {
            "z": "Klappentext"
          }
        ]
      }
    },
    {
      "994": {
        "ind1": "\\",
        "ind2": "\\",
        "subfields": [
          {
            "a": "Z0"
          },
          {
            "b": "NYRVC"
          }
        ]
      }
    },
    {
      "948": {
        "ind1": "\\",
        "ind2": "\\",
        "subfields": [
          {
            "h": "NO HOLDINGS IN NYRVC - 464 OTHER HOLDINGS"
          }
        ]
      }
    },
    {
      "999": {
        "ind1": "\\",
        "ind2": "\\",
        "subfields": [
          {
            "a": "00000000026305"
          }
        ]
      }
    }
  ]
}